<collection xmlns="http://www.loc.gov/MARC21/slim">
   <record>
      <leader>04015cam a2200493 i 45 0</leader>
      <controlfield tag="001">6849542</controlfield>
      <controlfield tag="003">OCoLC</controlfield>
      <controlfield tag="005">20150306141030.0</controlfield>
      <controlfield tag="006">m    |o  d |      </controlfield>
      <controlfield tag="007">cr*|||||||||||</controlfield>
      <controlfield tag="008">150209s2015    dcua    obt   000 0 eng d</controlfield>
      <datafield ind1=" " ind2=" " tag="020">
         <subfield code="a">9780309308274</subfield>
      </datafield>
      <datafield ind1=" " ind2=" " tag="020">
         <subfield code="a">0309308275</subfield>
      </datafield>
      <datafield ind1=" " ind2=" " tag="035">
         <subfield code="a">ocn904528482</subfield>
      </datafield>
      <datafield ind1=" " ind2=" " tag="040">
         <subfield code="a">JCR</subfield>
         <subfield code="b">eng</subfield>
         <subfield code="e">rda</subfield>
         <subfield code="c">JCR</subfield>
         <subfield code="d">IXA</subfield>
         <subfield code="d">MDT</subfield>
         <subfield code="d">AEU</subfield>
      </datafield>
      <datafield ind1=" " ind2=" " tag="043">
         <subfield code="a">n-us---</subfield>
      </datafield>
      <datafield ind1=" " ind2="4" tag="050">
         <subfield code="a">HE9797</subfield>
         <subfield code="b">A187r no.123</subfield>
      </datafield>
      <datafield ind1=" " ind2=" " tag="090">
         <subfield code="a">Internet Access</subfield>
         <subfield code="b">AEU</subfield>
      </datafield>
      <datafield ind1="1" ind2=" " tag="100">
         <subfield code="a">McGormley, Robert W.,</subfield>
         <subfield code="e">author.</subfield>
         <subfield code="0">http://id.loc.gov/authorities/names/no2011041927</subfield>
         <subfield code="0">http://viaf.org/viaf/169456122</subfield>
      </datafield>
      <datafield ind1="1" ind2="2" tag="245">
         <subfield code="a">A guidebook for airport winter operations</subfield>
         <subfield code="h">[electronic resource] /</subfield>
         <subfield code="c">Robert McGormley, Gresham, Smith and Partners [and eight others].</subfield>
      </datafield>
      <datafield ind1="1" ind2=" " tag="246">
         <subfield code="i">At head of title:</subfield>
         <subfield code="a">Airport Cooperative Research Program</subfield>
      </datafield>
      <datafield ind1=" " ind2="1" tag="264">
         <subfield code="a">Washington, D.C. :</subfield>
         <subfield code="b">Transportation Research Board,</subfield>
         <subfield code="c">2015.</subfield>
      </datafield>
      <datafield ind1=" " ind2=" " tag="300">
         <subfield code="a">1 online resource (126 pages) :</subfield>
         <subfield code="b">illustrations.</subfield>
      </datafield>
      <datafield ind1=" " ind2=" " tag="336">
         <subfield code="a">text</subfield>
         <subfield code="2">rdacontent</subfield>
         <subfield code="0">http://id.loc.gov/vocabulary/contentTypes/txt</subfield>
      </datafield>
      <datafield ind1=" " ind2=" " tag="337">
         <subfield code="a">computer</subfield>
         <subfield code="2">rdamedia</subfield>
         <subfield code="0">http://id.loc.gov/vocabulary/mediaTypes/c</subfield>
      </datafield>
      <datafield ind1=" " ind2=" " tag="338">
         <subfield code="a">computer</subfield>
         <subfield code="2">rdamedia</subfield>
         <subfield code="0">http://id.loc.gov/vocabulary/mediaTypes/c</subfield>
      </datafield>
      <datafield ind1="1" ind2=" " tag="490">
         <subfield code="a">ACRP report,</subfield>
         <subfield code="x">1935-9802 ;</subfield>
         <subfield code="v">123</subfield>
      </datafield>
      <datafield ind1=" " ind2=" " tag="504">
         <subfield code="a">Includes bibliographical references (pages 118-119).</subfield>
      </datafield>
      <datafield ind1="0" ind2=" " tag="505">
         <subfield code="a">chapter 1. Introduction -- chapter 2. Relationship as the foundation for winter operations success -- chapter 3. FAA requirements and guidance related to winter operations -- chapter  4. Regulation of winter operation impacts on stormwater -- chapter 5. Historical winter storm event data -- chapter 6. Winter operations performance measurement -- chapter 7. Winter operations baseline and performance targets -- chapter 8. Winter operations best practices -- chapter 9. SICP best practices -- chapter 10. Snow clearing operations and preventive measures/ice prevention best practices -- chapter 11. Runway surface assessment and reporting best practices -- chapter 12. Winter operations performance evaluation -- chapter 13. Investment to reduce runway SRE runway occupancy time -- chapter 14. Selecting winter operations improvement alternatives -- References -- Acronyms -- appendix A. Accessing meteorological data -- appendix B. Example airport performance indicators.</subfield>
      </datafield>
      <datafield ind1=" " ind2=" " tag="520">
         <subfield code="a">"TRB's Airport Cooperative Research Program (ACRP) Report 123: A Guidebook for Airport Winter Operations provides direction to airport facilities as they prepare for, operate during, and recover from disruptive winter events. The report also provides tips for managing the overall passenger experience and provides guidance on the levels of investment needed to implement an effective winter operations program."--Publisher description.</subfield>
      </datafield>
      <datafield ind1=" " ind2=" " tag="536">
         <subfield code="a">Research sponsored by the Federal Aviation Administration</subfield>
         <subfield code="f">ACRP project 10-15</subfield>
      </datafield>
      <datafield ind1=" " ind2=" " tag="596">
         <subfield code="a">13 44</subfield>
      </datafield>
      <datafield ind1=" " ind2="0" tag="650">
         <subfield code="a">Airports</subfield>
         <subfield code="z">United States</subfield>
         <subfield code="x">Management.</subfield>
      </datafield>
      <datafield ind1=" " ind2="0" tag="650">
         <subfield code="a">Airports</subfield>
         <subfield code="z">United States</subfield>
         <subfield code="x">Cold weather conditions.</subfield>
      </datafield>
      <datafield ind1=" " ind2="0" tag="650">
         <subfield code="a">Runways (Aeronautics)</subfield>
         <subfield code="x">Snow and ice control</subfield>
         <subfield code="z">United States.</subfield>
      </datafield>
      <datafield ind1="2" ind2=" " tag="710">
         <subfield code="a">National Research Council (U.S.).</subfield>
         <subfield code="b">Transportation Research Board,</subfield>
         <subfield code="e">issuing body.</subfield>
         <subfield code="0">http://id.loc.gov/authorities/names/n79054571</subfield>
         <subfield code="0">http://viaf.org/viaf/159644055</subfield>
      </datafield>
      <datafield ind1="2" ind2=" " tag="710">
         <subfield code="a">Airport Cooperative Research Program,</subfield>
         <subfield code="e">sponsoring body.</subfield>
         <subfield code="0">http://id.loc.gov/authorities/names/no2007008375</subfield>
         <subfield code="0">http://viaf.org/viaf/134066721</subfield>
      </datafield>
      <datafield ind1="1" ind2=" " tag="710">
         <subfield code="a">United States.</subfield>
         <subfield code="b">Federal Aviation Administration,</subfield>
         <subfield code="e">sponsoring body.</subfield>
         <subfield code="0">http://id.loc.gov/authorities/names/n79034443</subfield>
         <subfield code="0">http://viaf.org/viaf/136855410</subfield>
      </datafield>
      <datafield ind1=" " ind2=" " tag="758">
         <subfield code="0">http://worldcat.org/entity/work/id/24515864</subfield>
      </datafield>
      <datafield ind1="0" ind2=" " tag="787">
         <subfield code="n">OCLC Work Id</subfield>
         <subfield code="o">http://worldcat.org/entity/work/id/24515864</subfield>
      </datafield>
      <datafield ind1=" " ind2="0" tag="830">
         <subfield code="a">ACRP report ;</subfield>
         <subfield code="v">123.</subfield>
         <subfield code="x">1935-9802</subfield>
      </datafield>
      <datafield ind1="4" ind2="0" tag="856">
         <subfield code="3">Free Access</subfield>
         <subfield code="u">http://onlinepubs.trb.org/onlinepubs/acrp/acrp_rpt_123.pdf</subfield>
      </datafield>
      <datafield ind1=" " ind2=" " tag="926">
         <subfield code="a">Internet Access</subfield>
         <subfield code="w">LC</subfield>
         <subfield code="c">1</subfield>
         <subfield code="i">6849542-1001</subfield>
         <subfield code="l">INTERNET</subfield>
         <subfield code="m">UAINTERNET</subfield>
         <subfield code="r">Y</subfield>
         <subfield code="s">Y</subfield>
         <subfield code="t">E-RESOURCE</subfield>
         <subfield code="u">3/6/2015</subfield>
         <subfield code="x">E-BOOK</subfield>
      </datafield>
      <datafield ind1=" " ind2=" " tag="926">
         <subfield code="a">Internet Access</subfield>
         <subfield code="w">LC</subfield>
         <subfield code="c">1</subfield>
         <subfield code="i">6849542-2001</subfield>
         <subfield code="l">INTERNET</subfield>
         <subfield code="m">NEOS_FREE</subfield>
         <subfield code="r">Y</subfield>
         <subfield code="s">Y</subfield>
         <subfield code="t">E-RESOURCE</subfield>
         <subfield code="u">3/6/2015</subfield>
         <subfield code="x">E-BOOK</subfield>
      </datafield>
   </record>
</collection>
